<record xmlns:xsi="http://www.w3.org/2001/XMLSchema-instance" xmlns="http://www.loc.gov/MARC21/slim" xsi:schemaLocation="http://www.loc.gov/MARC21/slim http://www.loc.gov/standards/marcxml/schema/MARC21slim.xsd">

  <leader>00801nam a2200193Ia 4500</leader>
  <datafield ind2=" " tag="999" ind1=" ">
    <subfield code="c">2058</subfield>
    <subfield code="d">2058</subfield>
  </datafield>
  <controlfield tag="008">180829b2008    ho ||||| |||| 00| | spa d</controlfield>
  <datafield ind1=" " ind2=" " tag="090">
    <subfield code="a">12.07.02 </subfield>
    <subfield code="b">2015</subfield>
  </datafield>
  <datafield tag="110" ind2=" " ind1=" ">
    <subfield code="a">Agencia Centroamericana de Acreditación de Posgrado</subfield>
    <subfield code="9">4166</subfield>
  </datafield>
  <datafield ind1="1" tag="245" ind2="0">
    <subfield code="a">Manual de Acreditación de la ACAP / </subfield>
    <subfield code="c">Agencia Centroamericana de Acreditación de Posgrado</subfield>
  </datafield>
  <datafield ind2=" " tag="260" ind1=" ">
    <subfield code="a">Tegucigalpa, Honduras : </subfield>
    <subfield code="b">ACAP, </subfield>
    <subfield code="c">2008</subfield>
  </datafield>
  <datafield ind1=" " tag="300" ind2=" ">
    <subfield code="a">97 páginas</subfield>
  </datafield>
  <datafield ind1=" " ind2=" " tag="500">
    <subfield code="a">Aprobado por el Consejo de Acreditación de la ACAP en su V Reunión celebrada en Tegucigalpa, M.D.C., Honduras, 7 de marzo de 2008. Documento 2</subfield>
  </datafield>
  <datafield ind1="1" tag="650" ind2="4">
    <subfield code="a">NORMAS DE CALIDAD </subfield>
    <subfield code="9">4165</subfield>
  </datafield>
  <datafield ind2="4" tag="650" ind1="1">
    <subfield code="a">ACREDITACIÓN (EDUCACIÓN)</subfield>
    <subfield code="9">1135</subfield>
  </datafield>
  <datafield ind2="4" tag="650" ind1="1">
    <subfield code="a">MANUALES </subfield>
    <subfield code="9">426</subfield>
  </datafield>
  <datafield ind2="4" tag="650" ind1="1">
    <subfield code="a">EDUCACIÓN SUPERIOR</subfield>
    <subfield code="9">8</subfield>
  </datafield>
  <datafield ind2="4" tag="650" ind1="1">
    <subfield code="a">SISTEMA DE ESTUDIOS DE POSGRADO</subfield>
    <subfield code="9">3984</subfield>
  </datafield>
  <datafield ind1=" " tag="942" ind2=" ">
    <subfield code="2">z</subfield>
    <subfield code="c">01</subfield>
  </datafield>
</record>